%YAML 1.1
%TAG !u! tag:unity3d.com,2011:
--- !u!1 &1004126246732951398
GameObject:
  m_ObjectHideFlags: 0
  m_CorrespondingSourceObject: {fileID: 0}
  m_PrefabInstance: {fileID: 0}
  m_PrefabAsset: {fileID: 0}
  serializedVersion: 6
  m_Component:
  - component: {fileID: 1769191959910476883}
  m_Layer: 0
  m_Name: SM_Env_Train_Stairs_2(back)
  m_TagString: Untagged
  m_Icon: {fileID: 0}
  m_NavMeshLayer: 0
  m_StaticEditorFlags: 0
  m_IsActive: 0
--- !u!4 &1769191959910476883
Transform:
  m_ObjectHideFlags: 0
  m_CorrespondingSourceObject: {fileID: 0}
  m_PrefabInstance: {fileID: 0}
  m_PrefabAsset: {fileID: 0}
  m_GameObject: {fileID: 1004126246732951398}
  m_LocalRotation: {x: -0, y: -0, z: -0, w: 1}
  m_LocalPosition: {x: -12.009339, y: 4.2101207, z: 9.935886}
  m_LocalScale: {x: 2, y: 2, z: 2}
  m_Children:
  - {fileID: 4490518493560953279}
  - {fileID: 4490518492972477634}
  - {fileID: 4490518493384879477}
  - {fileID: 4490518493579157138}
  m_Father: {fileID: 4494329354487209182}
  m_RootOrder: 1
  m_LocalEulerAnglesHint: {x: 0, y: 0, z: 0}
--- !u!1 &1433428321916268601
GameObject:
  m_ObjectHideFlags: 0
  m_CorrespondingSourceObject: {fileID: 0}
  m_PrefabInstance: {fileID: 0}
  m_PrefabAsset: {fileID: 0}
  serializedVersion: 6
  m_Component:
  - component: {fileID: 8935697940117825821}
  - component: {fileID: 5999100133490441184}
  m_Layer: 0
  m_Name: Stair_2
  m_TagString: Untagged
  m_Icon: {fileID: 0}
  m_NavMeshLayer: 0
  m_StaticEditorFlags: 0
  m_IsActive: 1
--- !u!4 &8935697940117825821
Transform:
  m_ObjectHideFlags: 0
  m_CorrespondingSourceObject: {fileID: 0}
  m_PrefabInstance: {fileID: 0}
  m_PrefabAsset: {fileID: 0}
  m_GameObject: {fileID: 1433428321916268601}
  m_LocalRotation: {x: 0, y: 0, z: 0, w: 1}
  m_LocalPosition: {x: 0, y: 0, z: 0}
  m_LocalScale: {x: 1, y: 1, z: 1}
  m_Children:
  - {fileID: 4494329354487209182}
  - {fileID: 4494329352854328495}
  - {fileID: 4494329354783562425}
  - {fileID: 4494329354608141935}
  - {fileID: 1285038071017775456}
  - {fileID: 1779246914960929157}
  - {fileID: 906577449965752082}
  - {fileID: 4842038371214960725}
  m_Father: {fileID: 0}
  m_RootOrder: 0
  m_LocalEulerAnglesHint: {x: 0, y: 0, z: 0}
--- !u!114 &5999100133490441184
MonoBehaviour:
  m_ObjectHideFlags: 0
  m_CorrespondingSourceObject: {fileID: 0}
  m_PrefabInstance: {fileID: 0}
  m_PrefabAsset: {fileID: 0}
  m_GameObject: {fileID: 1433428321916268601}
  m_Enabled: 1
  m_EditorHideFlags: 0
  m_Script: {fileID: 11500000, guid: a275b41bb5c5f4343894e9f63ac08899, type: 3}
  m_Name: 
  m_EditorClassIdentifier: 
  _endPoint: {fileID: 4494329352854328495}
  _destPoint: {fileID: 4494329354783562425}
  _spawnPoint: {fileID: 4494329354608141935}
  _camPointRight: {fileID: 906577449965752082}
  _camPointLeft: {fileID: 4842038371214960725}
--- !u!54 &597135194928100164
Rigidbody:
  m_ObjectHideFlags: 0
  m_CorrespondingSourceObject: {fileID: 0}
  m_PrefabInstance: {fileID: 0}
  m_PrefabAsset: {fileID: 0}
  m_GameObject: {fileID: 2128699002575771963}
  serializedVersion: 2
  m_Mass: 1
  m_Drag: 0
  m_AngularDrag: 0.05
  m_UseGravity: 1
  m_IsKinematic: 0
  m_Interpolate: 0
  m_Constraints: 0
  m_CollisionDetection: 0
--- !u!1 &4494329352854328494
GameObject:
  m_ObjectHideFlags: 0
  m_CorrespondingSourceObject: {fileID: 0}
  m_PrefabInstance: {fileID: 0}
  m_PrefabAsset: {fileID: 0}
  serializedVersion: 6
  m_Component:
  - component: {fileID: 4494329352854328495}
  m_Layer: 0
  m_Name: EndPoint
  m_TagString: Untagged
  m_Icon: {fileID: -964228994112308473, guid: 0000000000000000d000000000000000, type: 0}
  m_NavMeshLayer: 0
  m_StaticEditorFlags: 0
  m_IsActive: 1
--- !u!4 &4494329352854328495
Transform:
  m_ObjectHideFlags: 0
  m_CorrespondingSourceObject: {fileID: 0}
  m_PrefabInstance: {fileID: 0}
  m_PrefabAsset: {fileID: 0}
  m_GameObject: {fileID: 4494329352854328494}
  m_LocalRotation: {x: -0, y: 1, z: -0, w: 0}
  m_LocalPosition: {x: -2.99, y: 3.33, z: 4.09}
  m_LocalScale: {x: 1, y: 1, z: 1}
  m_Children: []
  m_Father: {fileID: 8935697940117825821}
  m_RootOrder: 1
  m_LocalEulerAnglesHint: {x: 0, y: 180, z: 0}
--- !u!1 &4494329354487209181
GameObject:
  m_ObjectHideFlags: 0
  m_CorrespondingSourceObject: {fileID: 0}
  m_PrefabInstance: {fileID: 0}
  m_PrefabAsset: {fileID: 0}
  serializedVersion: 6
  m_Component:
  - component: {fileID: 4494329354487209182}
  - component: {fileID: 3450805836216362188}
  m_Layer: 0
  m_Name: Meshes
  m_TagString: Untagged
  m_Icon: {fileID: 0}
  m_NavMeshLayer: 0
  m_StaticEditorFlags: 0
  m_IsActive: 1
--- !u!4 &4494329354487209182
Transform:
  m_ObjectHideFlags: 0
  m_CorrespondingSourceObject: {fileID: 0}
  m_PrefabInstance: {fileID: 0}
  m_PrefabAsset: {fileID: 0}
  m_GameObject: {fileID: 4494329354487209181}
  m_LocalRotation: {x: -0, y: -0, z: -0, w: 1}
  m_LocalPosition: {x: 0, y: 0, z: 0}
  m_LocalScale: {x: 0.50000024, y: 0.5, z: 0.50000024}
  m_Children:
  - {fileID: 5651917592820703989}
  - {fileID: 1769191959910476883}
  m_Father: {fileID: 8935697940117825821}
  m_RootOrder: 0
  m_LocalEulerAnglesHint: {x: 0, y: 0, z: 0}
--- !u!114 &3450805836216362188
MonoBehaviour:
  m_ObjectHideFlags: 0
  m_CorrespondingSourceObject: {fileID: 0}
  m_PrefabInstance: {fileID: 0}
  m_PrefabAsset: {fileID: 0}
  m_GameObject: {fileID: 4494329354487209181}
  m_Enabled: 1
  m_EditorHideFlags: 0
  m_Script: {fileID: 11500000, guid: 2bc8025be1dd89e49b04f8657b57f30b, type: 3}
  m_Name: 
  m_EditorClassIdentifier: 
  _combineOnStart: 1
  _disableAutoFix: 0
  _skipMeshsWhichCanBeBatchedByDynamicBatching: 0
--- !u!1 &4494329354608141934
GameObject:
  m_ObjectHideFlags: 0
  m_CorrespondingSourceObject: {fileID: 0}
  m_PrefabInstance: {fileID: 0}
  m_PrefabAsset: {fileID: 0}
  serializedVersion: 6
  m_Component:
  - component: {fileID: 4494329354608141935}
  m_Layer: 0
  m_Name: SpawnPoint
  m_TagString: Untagged
  m_Icon: {fileID: 5721338939258241955, guid: 0000000000000000d000000000000000, type: 0}
  m_NavMeshLayer: 0
  m_StaticEditorFlags: 0
  m_IsActive: 1
--- !u!4 &4494329354608141935
Transform:
  m_ObjectHideFlags: 0
  m_CorrespondingSourceObject: {fileID: 0}
  m_PrefabInstance: {fileID: 0}
  m_PrefabAsset: {fileID: 0}
  m_GameObject: {fileID: 4494329354608141934}
  m_LocalRotation: {x: -0, y: 1, z: -0, w: 0}
  m_LocalPosition: {x: -1.42, y: 3.56, z: 9.07}
  m_LocalScale: {x: 1, y: 1, z: 1}
  m_Children: []
  m_Father: {fileID: 8935697940117825821}
  m_RootOrder: 3
  m_LocalEulerAnglesHint: {x: 0, y: 180, z: 0}
--- !u!1 &4494329354783562424
GameObject:
  m_ObjectHideFlags: 0
  m_CorrespondingSourceObject: {fileID: 0}
  m_PrefabInstance: {fileID: 0}
  m_PrefabAsset: {fileID: 0}
  serializedVersion: 6
  m_Component:
  - component: {fileID: 4494329354783562425}
  m_Layer: 0
  m_Name: DestPoint
  m_TagString: Untagged
  m_Icon: {fileID: 3936346786652291628, guid: 0000000000000000d000000000000000, type: 0}
  m_NavMeshLayer: 0
  m_StaticEditorFlags: 0
  m_IsActive: 1
--- !u!4 &4494329354783562425
Transform:
  m_ObjectHideFlags: 0
  m_CorrespondingSourceObject: {fileID: 0}
  m_PrefabInstance: {fileID: 0}
  m_PrefabAsset: {fileID: 0}
  m_GameObject: {fileID: 4494329354783562424}
  m_LocalRotation: {x: -0, y: 1, z: -0, w: 0}
  m_LocalPosition: {x: -1.42, y: 3.56, z: 5.01}
  m_LocalScale: {x: 1, y: 1, z: 1}
  m_Children: []
  m_Father: {fileID: 8935697940117825821}
  m_RootOrder: 2
  m_LocalEulerAnglesHint: {x: 0, y: 180, z: 0}
--- !u!1 &4870896377981457302
GameObject:
  m_ObjectHideFlags: 0
  m_CorrespondingSourceObject: {fileID: 0}
  m_PrefabInstance: {fileID: 0}
  m_PrefabAsset: {fileID: 0}
  serializedVersion: 6
  m_Component:
  - component: {fileID: 906577449965752082}
  m_Layer: 0
  m_Name: CamPointRight
  m_TagString: Untagged
  m_Icon: {fileID: 0}
  m_NavMeshLayer: 0
  m_StaticEditorFlags: 0
  m_IsActive: 1
--- !u!4 &906577449965752082
Transform:
  m_ObjectHideFlags: 0
  m_CorrespondingSourceObject: {fileID: 0}
  m_PrefabInstance: {fileID: 0}
  m_PrefabAsset: {fileID: 0}
  m_GameObject: {fileID: 4870896377981457302}
  m_LocalRotation: {x: 0.09520581, y: -0.7191108, z: 0.09087884, w: 0.6823172}
  m_LocalPosition: {x: 14.08, y: 8.6, z: 3.12}
  m_LocalScale: {x: 1, y: 1, z: 1}
  m_Children: []
  m_Father: {fileID: 8935697940117825821}
  m_RootOrder: 6
  m_LocalEulerAnglesHint: {x: 15.107, y: -93.109, z: -0.76600003}
--- !u!1 &5401975327615198854
GameObject:
  m_ObjectHideFlags: 0
  m_CorrespondingSourceObject: {fileID: 0}
  m_PrefabInstance: {fileID: 0}
  m_PrefabAsset: {fileID: 0}
  serializedVersion: 6
  m_Component:
  - component: {fileID: 4842038371214960725}
  m_Layer: 0
  m_Name: CamPointLeft
  m_TagString: Untagged
  m_Icon: {fileID: 0}
  m_NavMeshLayer: 0
  m_StaticEditorFlags: 0
  m_IsActive: 1
--- !u!4 &4842038371214960725
Transform:
  m_ObjectHideFlags: 0
  m_CorrespondingSourceObject: {fileID: 0}
  m_PrefabInstance: {fileID: 0}
  m_PrefabAsset: {fileID: 0}
  m_GameObject: {fileID: 5401975327615198854}
  m_LocalRotation: {x: 0.09867368, y: 0.74120843, z: -0.08710115, w: 0.65824544}
  m_LocalPosition: {x: -16.48, y: 9.25, z: 4.1}
  m_LocalScale: {x: 1, y: 1, z: 1}
  m_Children: []
  m_Father: {fileID: 8935697940117825821}
  m_RootOrder: 7
  m_LocalEulerAnglesHint: {x: 15.012001, y: 97.032005, z: 1.8750001}
--- !u!1 &5590978208711788305
GameObject:
  m_ObjectHideFlags: 0
  m_CorrespondingSourceObject: {fileID: 0}
  m_PrefabInstance: {fileID: 0}
  m_PrefabAsset: {fileID: 0}
  serializedVersion: 6
  m_Component:
  - component: {fileID: 1285038071017775456}
  m_Layer: 0
  m_Name: Props
  m_TagString: Untagged
  m_Icon: {fileID: 0}
  m_NavMeshLayer: 0
  m_StaticEditorFlags: 0
  m_IsActive: 1
--- !u!4 &1285038071017775456
Transform:
  m_ObjectHideFlags: 0
  m_CorrespondingSourceObject: {fileID: 0}
  m_PrefabInstance: {fileID: 0}
  m_PrefabAsset: {fileID: 0}
  m_GameObject: {fileID: 5590978208711788305}
  m_LocalRotation: {x: 0, y: 0, z: 0, w: 1}
  m_LocalPosition: {x: 0, y: 0, z: 0}
  m_LocalScale: {x: 1, y: 1, z: 1}
  m_Children:
  - {fileID: 2126567523755725827}
  m_Father: {fileID: 8935697940117825821}
  m_RootOrder: 4
  m_LocalEulerAnglesHint: {x: 0, y: 0, z: 0}
--- !u!1 &6151015783743026693
GameObject:
  m_ObjectHideFlags: 0
  m_CorrespondingSourceObject: {fileID: 0}
  m_PrefabInstance: {fileID: 0}
  m_PrefabAsset: {fileID: 0}
  serializedVersion: 6
  m_Component:
  - component: {fileID: 1779246914960929157}
  m_Layer: 0
  m_Name: Paths
  m_TagString: Untagged
  m_Icon: {fileID: 0}
  m_NavMeshLayer: 0
  m_StaticEditorFlags: 0
  m_IsActive: 1
--- !u!4 &1779246914960929157
Transform:
  m_ObjectHideFlags: 0
  m_CorrespondingSourceObject: {fileID: 0}
  m_PrefabInstance: {fileID: 0}
  m_PrefabAsset: {fileID: 0}
  m_GameObject: {fileID: 6151015783743026693}
  m_LocalRotation: {x: -0, y: -0, z: -0, w: 1}
  m_LocalPosition: {x: 0, y: 0, z: 0}
  m_LocalScale: {x: 1, y: 1, z: 1}
  m_Children:
  - {fileID: 6168887727034773787}
  - {fileID: 5515534287498018152}
  m_Father: {fileID: 8935697940117825821}
  m_RootOrder: 5
  m_LocalEulerAnglesHint: {x: 0, y: 0, z: 0}
--- !u!1 &6807593890535819655
GameObject:
  m_ObjectHideFlags: 0
  m_CorrespondingSourceObject: {fileID: 0}
  m_PrefabInstance: {fileID: 0}
  m_PrefabAsset: {fileID: 0}
  serializedVersion: 6
  m_Component:
  - component: {fileID: 6168887727034773787}
  - component: {fileID: 591178657158100139}
  - component: {fileID: 8452517229556243576}
  - component: {fileID: 2828672335216531695}
  m_Layer: 0
  m_Name: Floor
  m_TagString: Untagged
  m_Icon: {fileID: 0}
  m_NavMeshLayer: 0
  m_StaticEditorFlags: 0
  m_IsActive: 1
--- !u!4 &6168887727034773787
Transform:
  m_ObjectHideFlags: 0
  m_CorrespondingSourceObject: {fileID: 0}
  m_PrefabInstance: {fileID: 0}
  m_PrefabAsset: {fileID: 0}
  m_GameObject: {fileID: 6807593890535819655}
  m_LocalRotation: {x: 0, y: 0, z: 0, w: 1}
  m_LocalPosition: {x: -1.46, y: 3.457, z: 7.77}
  m_LocalScale: {x: 4.7627, y: 0.05, z: 7.517505}
  m_Children: []
  m_Father: {fileID: 1779246914960929157}
  m_RootOrder: 0
  m_LocalEulerAnglesHint: {x: 0, y: 0, z: 0}
--- !u!33 &591178657158100139
MeshFilter:
  m_ObjectHideFlags: 0
  m_CorrespondingSourceObject: {fileID: 0}
  m_PrefabInstance: {fileID: 0}
  m_PrefabAsset: {fileID: 0}
  m_GameObject: {fileID: 6807593890535819655}
  m_Mesh: {fileID: 10202, guid: 0000000000000000e000000000000000, type: 0}
--- !u!23 &8452517229556243576
MeshRenderer:
  m_ObjectHideFlags: 0
  m_CorrespondingSourceObject: {fileID: 0}
  m_PrefabInstance: {fileID: 0}
  m_PrefabAsset: {fileID: 0}
  m_GameObject: {fileID: 6807593890535819655}
  m_Enabled: 0
  m_CastShadows: 1
  m_ReceiveShadows: 1
  m_DynamicOccludee: 1
  m_MotionVectors: 1
  m_LightProbeUsage: 1
  m_ReflectionProbeUsage: 1
  m_RayTracingMode: 2
  m_RenderingLayerMask: 1
  m_RendererPriority: 0
  m_Materials:
  - {fileID: 10303, guid: 0000000000000000f000000000000000, type: 0}
  m_StaticBatchInfo:
    firstSubMesh: 0
    subMeshCount: 0
  m_StaticBatchRoot: {fileID: 0}
  m_ProbeAnchor: {fileID: 0}
  m_LightProbeVolumeOverride: {fileID: 0}
  m_ScaleInLightmap: 1
  m_ReceiveGI: 1
  m_PreserveUVs: 0
  m_IgnoreNormalsForChartDetection: 0
  m_ImportantGI: 0
  m_StitchLightmapSeams: 1
  m_SelectedEditorRenderState: 3
  m_MinimumChartSize: 4
  m_AutoUVMaxDistance: 0.5
  m_AutoUVMaxAngle: 89
  m_LightmapParameters: {fileID: 0}
  m_SortingLayerID: 0
  m_SortingLayer: 0
  m_SortingOrder: 0
--- !u!114 &2828672335216531695
MonoBehaviour:
  m_ObjectHideFlags: 0
  m_CorrespondingSourceObject: {fileID: 0}
  m_PrefabInstance: {fileID: 0}
  m_PrefabAsset: {fileID: 0}
  m_GameObject: {fileID: 6807593890535819655}
  m_Enabled: 1
  m_EditorHideFlags: 0
  m_Script: {fileID: 11500000, guid: 6e038bf700cfa444fb16c6ef963be9f9, type: 3}
  m_Name: 
  m_EditorClassIdentifier: 
--- !u!1 &6999052157845668570
GameObject:
  m_ObjectHideFlags: 0
  m_CorrespondingSourceObject: {fileID: 0}
  m_PrefabInstance: {fileID: 0}
  m_PrefabAsset: {fileID: 0}
  serializedVersion: 6
  m_Component:
  - component: {fileID: 5515534287498018152}
  - component: {fileID: 3208008635044442563}
  - component: {fileID: 5495365019045815427}
  - component: {fileID: 8845916603755077498}
  m_Layer: 0
  m_Name: Stair
  m_TagString: Untagged
  m_Icon: {fileID: 0}
  m_NavMeshLayer: 0
  m_StaticEditorFlags: 0
  m_IsActive: 1
--- !u!4 &5515534287498018152
Transform:
  m_ObjectHideFlags: 0
  m_CorrespondingSourceObject: {fileID: 0}
  m_PrefabInstance: {fileID: 0}
  m_PrefabAsset: {fileID: 0}
  m_GameObject: {fileID: 6999052157845668570}
  m_LocalRotation: {x: -0.3428304, y: -0.00000005960463, z: 0.000000014901158, w: 0.9393973}
  m_LocalPosition: {x: 0.04, y: 1.78, z: 1.98}
  m_LocalScale: {x: 2.0241475, y: 0.05, z: 5.298835}
  m_Children: []
  m_Father: {fileID: 1779246914960929157}
  m_RootOrder: 1
  m_LocalEulerAnglesHint: {x: -40.099003, y: 0, z: 0}
--- !u!33 &3208008635044442563
MeshFilter:
  m_ObjectHideFlags: 0
  m_CorrespondingSourceObject: {fileID: 0}
  m_PrefabInstance: {fileID: 0}
  m_PrefabAsset: {fileID: 0}
  m_GameObject: {fileID: 6999052157845668570}
  m_Mesh: {fileID: 10202, guid: 0000000000000000e000000000000000, type: 0}
--- !u!23 &5495365019045815427
MeshRenderer:
  m_ObjectHideFlags: 0
  m_CorrespondingSourceObject: {fileID: 0}
  m_PrefabInstance: {fileID: 0}
  m_PrefabAsset: {fileID: 0}
  m_GameObject: {fileID: 6999052157845668570}
  m_Enabled: 0
  m_CastShadows: 1
  m_ReceiveShadows: 1
  m_DynamicOccludee: 1
  m_MotionVectors: 1
  m_LightProbeUsage: 1
  m_ReflectionProbeUsage: 1
  m_RayTracingMode: 2
  m_RenderingLayerMask: 1
  m_RendererPriority: 0
  m_Materials:
  - {fileID: 10303, guid: 0000000000000000f000000000000000, type: 0}
  m_StaticBatchInfo:
    firstSubMesh: 0
    subMeshCount: 0
  m_StaticBatchRoot: {fileID: 0}
  m_ProbeAnchor: {fileID: 0}
  m_LightProbeVolumeOverride: {fileID: 0}
  m_ScaleInLightmap: 1
  m_ReceiveGI: 1
  m_PreserveUVs: 0
  m_IgnoreNormalsForChartDetection: 0
  m_ImportantGI: 0
  m_StitchLightmapSeams: 1
  m_SelectedEditorRenderState: 3
  m_MinimumChartSize: 4
  m_AutoUVMaxDistance: 0.5
  m_AutoUVMaxAngle: 89
  m_LightmapParameters: {fileID: 0}
  m_SortingLayerID: 0
  m_SortingLayer: 0
  m_SortingOrder: 0
--- !u!114 &8845916603755077498
MonoBehaviour:
  m_ObjectHideFlags: 0
  m_CorrespondingSourceObject: {fileID: 0}
  m_PrefabInstance: {fileID: 0}
  m_PrefabAsset: {fileID: 0}
  m_GameObject: {fileID: 6999052157845668570}
  m_Enabled: 1
  m_EditorHideFlags: 0
  m_Script: {fileID: 11500000, guid: 6e038bf700cfa444fb16c6ef963be9f9, type: 3}
  m_Name: 
  m_EditorClassIdentifier: 
--- !u!1 &8655926875355726834
GameObject:
  m_ObjectHideFlags: 0
  m_CorrespondingSourceObject: {fileID: 0}
  m_PrefabInstance: {fileID: 0}
  m_PrefabAsset: {fileID: 0}
  serializedVersion: 6
  m_Component:
  - component: {fileID: 5651917592820703989}
  - component: {fileID: 8880799538035947238}
  - component: {fileID: 3017939253757828161}
  - component: {fileID: 1289870912091542846}
  m_Layer: 0
  m_Name: SM_Env_Train_Stairs_2
  m_TagString: Untagged
  m_Icon: {fileID: 0}
  m_NavMeshLayer: 0
  m_StaticEditorFlags: 0
  m_IsActive: 1
--- !u!4 &5651917592820703989
Transform:
  m_ObjectHideFlags: 0
  m_CorrespondingSourceObject: {fileID: 0}
  m_PrefabInstance: {fileID: 0}
  m_PrefabAsset: {fileID: 0}
  m_GameObject: {fileID: 8655926875355726834}
  m_LocalRotation: {x: 0, y: -0.7071068, z: 0, w: 0.7071068}
  m_LocalPosition: {x: -2.7796824, y: 4.5111685, z: 11.466014}
  m_LocalScale: {x: 2, y: 2, z: 2}
  m_Children: []
  m_Father: {fileID: 4494329354487209182}
  m_RootOrder: 0
  m_LocalEulerAnglesHint: {x: 0, y: -90.00001, z: 0}
--- !u!33 &8880799538035947238
MeshFilter:
  m_ObjectHideFlags: 0
  m_CorrespondingSourceObject: {fileID: 0}
  m_PrefabInstance: {fileID: 0}
  m_PrefabAsset: {fileID: 0}
  m_GameObject: {fileID: 8655926875355726834}
  m_Mesh: {fileID: 4300000, guid: 2261e29dc16fa484c93ad0f407e78fc9, type: 2}
--- !u!23 &3017939253757828161
MeshRenderer:
  m_ObjectHideFlags: 0
  m_CorrespondingSourceObject: {fileID: 0}
  m_PrefabInstance: {fileID: 0}
  m_PrefabAsset: {fileID: 0}
  m_GameObject: {fileID: 8655926875355726834}
  m_Enabled: 1
  m_CastShadows: 1
  m_ReceiveShadows: 1
  m_DynamicOccludee: 1
  m_MotionVectors: 1
  m_LightProbeUsage: 1
  m_ReflectionProbeUsage: 1
  m_RayTracingMode: 2
  m_RenderingLayerMask: 1
  m_RendererPriority: 0
  m_Materials:
  - {fileID: 2100000, guid: 0f1290dd09896144bbe4dd6e5fbe8563, type: 2}
  m_StaticBatchInfo:
    firstSubMesh: 0
    subMeshCount: 0
  m_StaticBatchRoot: {fileID: 0}
  m_ProbeAnchor: {fileID: 0}
  m_LightProbeVolumeOverride: {fileID: 0}
  m_ScaleInLightmap: 1
  m_ReceiveGI: 1
  m_PreserveUVs: 0
  m_IgnoreNormalsForChartDetection: 0
  m_ImportantGI: 0
  m_StitchLightmapSeams: 1
  m_SelectedEditorRenderState: 3
  m_MinimumChartSize: 4
  m_AutoUVMaxDistance: 0.5
  m_AutoUVMaxAngle: 89
  m_LightmapParameters: {fileID: 0}
  m_SortingLayerID: 0
  m_SortingLayer: 0
  m_SortingOrder: 0
--- !u!64 &1289870912091542846
MeshCollider:
  m_ObjectHideFlags: 0
  m_CorrespondingSourceObject: {fileID: 0}
  m_PrefabInstance: {fileID: 0}
  m_PrefabAsset: {fileID: 0}
  m_GameObject: {fileID: 8655926875355726834}
  m_Material: {fileID: 0}
  m_IsTrigger: 0
  m_Enabled: 1
  serializedVersion: 4
  m_Convex: 0
  m_CookingOptions: 30
  m_Mesh: {fileID: 4300000, guid: 2261e29dc16fa484c93ad0f407e78fc9, type: 2}
--- !u!1001 &2129563360798098177
PrefabInstance:
  m_ObjectHideFlags: 0
  serializedVersion: 2
  m_Modification:
    m_TransformParent: {fileID: 1285038071017775456}
    m_Modifications:
    - target: {fileID: 1991082771421754, guid: c679fdfaafa978d449645e87cdf371f7, type: 3}
      propertyPath: m_Name
      value: SM_Prop_Chair_01
      objectReference: {fileID: 0}
    - target: {fileID: 4133556709840642, guid: c679fdfaafa978d449645e87cdf371f7, type: 3}
      propertyPath: m_LocalPosition.x
      value: -0.13020009
      objectReference: {fileID: 0}
    - target: {fileID: 4133556709840642, guid: c679fdfaafa978d449645e87cdf371f7, type: 3}
      propertyPath: m_LocalPosition.y
      value: 3.4812543
      objectReference: {fileID: 0}
    - target: {fileID: 4133556709840642, guid: c679fdfaafa978d449645e87cdf371f7, type: 3}
      propertyPath: m_LocalPosition.z
      value: 6.8017
      objectReference: {fileID: 0}
    - target: {fileID: 4133556709840642, guid: c679fdfaafa978d449645e87cdf371f7, type: 3}
      propertyPath: m_LocalRotation.x
      value: -0
      objectReference: {fileID: 0}
    - target: {fileID: 4133556709840642, guid: c679fdfaafa978d449645e87cdf371f7, type: 3}
      propertyPath: m_LocalRotation.y
      value: -0.3373998
      objectReference: {fileID: 0}
    - target: {fileID: 4133556709840642, guid: c679fdfaafa978d449645e87cdf371f7, type: 3}
      propertyPath: m_LocalRotation.z
      value: -0
      objectReference: {fileID: 0}
    - target: {fileID: 4133556709840642, guid: c679fdfaafa978d449645e87cdf371f7, type: 3}
      propertyPath: m_LocalRotation.w
      value: 0.9413614
      objectReference: {fileID: 0}
    - target: {fileID: 4133556709840642, guid: c679fdfaafa978d449645e87cdf371f7, type: 3}
      propertyPath: m_RootOrder
      value: 0
      objectReference: {fileID: 0}
    - target: {fileID: 4133556709840642, guid: c679fdfaafa978d449645e87cdf371f7, type: 3}
      propertyPath: m_LocalEulerAnglesHint.x
      value: 0
      objectReference: {fileID: 0}
    - target: {fileID: 4133556709840642, guid: c679fdfaafa978d449645e87cdf371f7, type: 3}
      propertyPath: m_LocalEulerAnglesHint.y
      value: -39.437
      objectReference: {fileID: 0}
    - target: {fileID: 4133556709840642, guid: c679fdfaafa978d449645e87cdf371f7, type: 3}
      propertyPath: m_LocalEulerAnglesHint.z
      value: 0
      objectReference: {fileID: 0}
    - target: {fileID: 23940486372919012, guid: c679fdfaafa978d449645e87cdf371f7,
        type: 3}
      propertyPath: m_Materials.Array.data[0]
      value: 
      objectReference: {fileID: 2100000, guid: 957efe5439ef6274dba4637fbace4750, type: 2}
    - target: {fileID: 64684483644561802, guid: c679fdfaafa978d449645e87cdf371f7,
        type: 3}
      propertyPath: m_Convex
      value: 1
      objectReference: {fileID: 0}
    m_RemovedComponents: []
  m_SourcePrefab: {fileID: 100100000, guid: c679fdfaafa978d449645e87cdf371f7, type: 3}
--- !u!1 &2128699002575771963 stripped
GameObject:
  m_CorrespondingSourceObject: {fileID: 1991082771421754, guid: c679fdfaafa978d449645e87cdf371f7,
    type: 3}
  m_PrefabInstance: {fileID: 2129563360798098177}
  m_PrefabAsset: {fileID: 0}
--- !u!4 &2126567523755725827 stripped
Transform:
  m_CorrespondingSourceObject: {fileID: 4133556709840642, guid: c679fdfaafa978d449645e87cdf371f7,
    type: 3}
  m_PrefabInstance: {fileID: 2129563360798098177}
  m_PrefabAsset: {fileID: 0}
--- !u!1001 &4494329352915187531
PrefabInstance:
  m_ObjectHideFlags: 0
  serializedVersion: 2
  m_Modification:
    m_TransformParent: {fileID: 1769191959910476883}
    m_Modifications:
    - target: {fileID: 1897005715251538, guid: 8775010392441964e99ddb12d63a5e10, type: 3}
      propertyPath: m_Name
      value: SM_Env_Train_Track_Bridge_Top_01
      objectReference: {fileID: 0}
    - target: {fileID: 4106105673953012, guid: 8775010392441964e99ddb12d63a5e10, type: 3}
      propertyPath: m_LocalPosition.x
      value: 6.0046697
      objectReference: {fileID: 0}
    - target: {fileID: 4106105673953012, guid: 8775010392441964e99ddb12d63a5e10, type: 3}
      propertyPath: m_LocalPosition.y
      value: -1.8550603
      objectReference: {fileID: 0}
    - target: {fileID: 4106105673953012, guid: 8775010392441964e99ddb12d63a5e10, type: 3}
      propertyPath: m_LocalPosition.z
      value: -4.967943
      objectReference: {fileID: 0}
    - target: {fileID: 4106105673953012, guid: 8775010392441964e99ddb12d63a5e10, type: 3}
      propertyPath: m_LocalRotation.x
      value: -0.3420201
      objectReference: {fileID: 0}
    - target: {fileID: 4106105673953012, guid: 8775010392441964e99ddb12d63a5e10, type: 3}
      propertyPath: m_LocalRotation.y
      value: -0
      objectReference: {fileID: 0}
    - target: {fileID: 4106105673953012, guid: 8775010392441964e99ddb12d63a5e10, type: 3}
      propertyPath: m_LocalRotation.z
      value: -0
      objectReference: {fileID: 0}
    - target: {fileID: 4106105673953012, guid: 8775010392441964e99ddb12d63a5e10, type: 3}
      propertyPath: m_LocalRotation.w
      value: 0.9396927
      objectReference: {fileID: 0}
    - target: {fileID: 4106105673953012, guid: 8775010392441964e99ddb12d63a5e10, type: 3}
      propertyPath: m_RootOrder
      value: 0
      objectReference: {fileID: 0}
    - target: {fileID: 4106105673953012, guid: 8775010392441964e99ddb12d63a5e10, type: 3}
      propertyPath: m_LocalEulerAnglesHint.x
      value: -40
      objectReference: {fileID: 0}
    - target: {fileID: 4106105673953012, guid: 8775010392441964e99ddb12d63a5e10, type: 3}
      propertyPath: m_LocalEulerAnglesHint.y
      value: 0
      objectReference: {fileID: 0}
    - target: {fileID: 4106105673953012, guid: 8775010392441964e99ddb12d63a5e10, type: 3}
      propertyPath: m_LocalEulerAnglesHint.z
      value: 0
      objectReference: {fileID: 0}
    - target: {fileID: 4106105673953012, guid: 8775010392441964e99ddb12d63a5e10, type: 3}
      propertyPath: m_LocalScale.x
      value: 0.5
      objectReference: {fileID: 0}
    - target: {fileID: 4106105673953012, guid: 8775010392441964e99ddb12d63a5e10, type: 3}
      propertyPath: m_LocalScale.y
      value: 0.5
      objectReference: {fileID: 0}
    - target: {fileID: 4106105673953012, guid: 8775010392441964e99ddb12d63a5e10, type: 3}
      propertyPath: m_LocalScale.z
      value: 0.5
      objectReference: {fileID: 0}
    - target: {fileID: 23979160736886248, guid: 8775010392441964e99ddb12d63a5e10,
        type: 3}
      propertyPath: m_CastShadows
      value: 1
      objectReference: {fileID: 0}
    - target: {fileID: 23979160736886248, guid: 8775010392441964e99ddb12d63a5e10,
        type: 3}
      propertyPath: m_Materials.Array.data[0]
      value: 
      objectReference: {fileID: 2100000, guid: 0e42871dab9b0d0408301ab01537e0e9, type: 2}
    m_RemovedComponents:
    - {fileID: 7208605232128990084, guid: 8775010392441964e99ddb12d63a5e10, type: 3}
    - {fileID: 3810604429841003757, guid: 8775010392441964e99ddb12d63a5e10, type: 3}
  m_SourcePrefab: {fileID: 100100000, guid: 8775010392441964e99ddb12d63a5e10, type: 3}
--- !u!4 &4490518493560953279 stripped
Transform:
  m_CorrespondingSourceObject: {fileID: 4106105673953012, guid: 8775010392441964e99ddb12d63a5e10,
    type: 3}
  m_PrefabInstance: {fileID: 4494329352915187531}
  m_PrefabAsset: {fileID: 0}
--- !u!1001 &4494329352929980518
PrefabInstance:
  m_ObjectHideFlags: 0
  serializedVersion: 2
  m_Modification:
    m_TransformParent: {fileID: 1769191959910476883}
    m_Modifications:
    - target: {fileID: 1897005715251538, guid: 8775010392441964e99ddb12d63a5e10, type: 3}
      propertyPath: m_Name
      value: SM_Env_Train_Track_Bridge_Top_01 (3)
      objectReference: {fileID: 0}
    - target: {fileID: 1897005715251538, guid: 8775010392441964e99ddb12d63a5e10, type: 3}
      propertyPath: m_Layer
      value: 9
      objectReference: {fileID: 0}
    - target: {fileID: 4106105673953012, guid: 8775010392441964e99ddb12d63a5e10, type: 3}
      propertyPath: m_LocalPosition.x
      value: 7.1046696
      objectReference: {fileID: 0}
    - target: {fileID: 4106105673953012, guid: 8775010392441964e99ddb12d63a5e10, type: 3}
      propertyPath: m_LocalPosition.y
      value: 1.4286397
      objectReference: {fileID: 0}
    - target: {fileID: 4106105673953012, guid: 8775010392441964e99ddb12d63a5e10, type: 3}
      propertyPath: m_LocalPosition.z
      value: 3.8920574
      objectReference: {fileID: 0}
    - target: {fileID: 4106105673953012, guid: 8775010392441964e99ddb12d63a5e10, type: 3}
      propertyPath: m_LocalRotation.x
      value: -0
      objectReference: {fileID: 0}
    - target: {fileID: 4106105673953012, guid: 8775010392441964e99ddb12d63a5e10, type: 3}
      propertyPath: m_LocalRotation.y
      value: -0.7071068
      objectReference: {fileID: 0}
    - target: {fileID: 4106105673953012, guid: 8775010392441964e99ddb12d63a5e10, type: 3}
      propertyPath: m_LocalRotation.z
      value: -0
      objectReference: {fileID: 0}
    - target: {fileID: 4106105673953012, guid: 8775010392441964e99ddb12d63a5e10, type: 3}
      propertyPath: m_LocalRotation.w
      value: 0.7071068
      objectReference: {fileID: 0}
    - target: {fileID: 4106105673953012, guid: 8775010392441964e99ddb12d63a5e10, type: 3}
      propertyPath: m_RootOrder
      value: 3
      objectReference: {fileID: 0}
    - target: {fileID: 4106105673953012, guid: 8775010392441964e99ddb12d63a5e10, type: 3}
      propertyPath: m_LocalEulerAnglesHint.x
      value: 0
      objectReference: {fileID: 0}
    - target: {fileID: 4106105673953012, guid: 8775010392441964e99ddb12d63a5e10, type: 3}
      propertyPath: m_LocalEulerAnglesHint.y
      value: -90
      objectReference: {fileID: 0}
    - target: {fileID: 4106105673953012, guid: 8775010392441964e99ddb12d63a5e10, type: 3}
      propertyPath: m_LocalEulerAnglesHint.z
      value: 0
      objectReference: {fileID: 0}
    - target: {fileID: 4106105673953012, guid: 8775010392441964e99ddb12d63a5e10, type: 3}
      propertyPath: m_LocalScale.x
      value: 0.5
      objectReference: {fileID: 0}
    - target: {fileID: 4106105673953012, guid: 8775010392441964e99ddb12d63a5e10, type: 3}
      propertyPath: m_LocalScale.y
      value: 0.5
      objectReference: {fileID: 0}
    - target: {fileID: 4106105673953012, guid: 8775010392441964e99ddb12d63a5e10, type: 3}
      propertyPath: m_LocalScale.z
      value: 0.5
      objectReference: {fileID: 0}
    - target: {fileID: 23979160736886248, guid: 8775010392441964e99ddb12d63a5e10,
        type: 3}
      propertyPath: m_CastShadows
      value: 1
      objectReference: {fileID: 0}
    - target: {fileID: 23979160736886248, guid: 8775010392441964e99ddb12d63a5e10,
        type: 3}
      propertyPath: m_Materials.Array.data[0]
      value: 
      objectReference: {fileID: 2100000, guid: 0e42871dab9b0d0408301ab01537e0e9, type: 2}
    m_RemovedComponents:
    - {fileID: 7208605232128990084, guid: 8775010392441964e99ddb12d63a5e10, type: 3}
    - {fileID: 3810604429841003757, guid: 8775010392441964e99ddb12d63a5e10, type: 3}
  m_SourcePrefab: {fileID: 100100000, guid: 8775010392441964e99ddb12d63a5e10, type: 3}
--- !u!4 &4490518493579157138 stripped
Transform:
  m_CorrespondingSourceObject: {fileID: 4106105673953012, guid: 8775010392441964e99ddb12d63a5e10,
    type: 3}
  m_PrefabInstance: {fileID: 4494329352929980518}
  m_PrefabAsset: {fileID: 0}
--- !u!1001 &4494329353275704193
PrefabInstance:
  m_ObjectHideFlags: 0
  serializedVersion: 2
  m_Modification:
    m_TransformParent: {fileID: 1769191959910476883}
    m_Modifications:
    - target: {fileID: 1897005715251538, guid: 8775010392441964e99ddb12d63a5e10, type: 3}
      propertyPath: m_Name
      value: SM_Env_Train_Track_Bridge_Top_01 (2)
      objectReference: {fileID: 0}
    - target: {fileID: 1897005715251538, guid: 8775010392441964e99ddb12d63a5e10, type: 3}
      propertyPath: m_Layer
      value: 9
      objectReference: {fileID: 0}
    - target: {fileID: 4106105673953012, guid: 8775010392441964e99ddb12d63a5e10, type: 3}
      propertyPath: m_LocalPosition.x
      value: 7.1046696
      objectReference: {fileID: 0}
    - target: {fileID: 4106105673953012, guid: 8775010392441964e99ddb12d63a5e10, type: 3}
      propertyPath: m_LocalPosition.y
      value: 1.4286397
      objectReference: {fileID: 0}
    - target: {fileID: 4106105673953012, guid: 8775010392441964e99ddb12d63a5e10, type: 3}
      propertyPath: m_LocalPosition.z
      value: 1.8920574
      objectReference: {fileID: 0}
    - target: {fileID: 4106105673953012, guid: 8775010392441964e99ddb12d63a5e10, type: 3}
      propertyPath: m_LocalRotation.x
      value: -0
      objectReference: {fileID: 0}
    - target: {fileID: 4106105673953012, guid: 8775010392441964e99ddb12d63a5e10, type: 3}
      propertyPath: m_LocalRotation.y
      value: -0.7071068
      objectReference: {fileID: 0}
    - target: {fileID: 4106105673953012, guid: 8775010392441964e99ddb12d63a5e10, type: 3}
      propertyPath: m_LocalRotation.z
      value: -0
      objectReference: {fileID: 0}
    - target: {fileID: 4106105673953012, guid: 8775010392441964e99ddb12d63a5e10, type: 3}
      propertyPath: m_LocalRotation.w
      value: 0.7071068
      objectReference: {fileID: 0}
    - target: {fileID: 4106105673953012, guid: 8775010392441964e99ddb12d63a5e10, type: 3}
      propertyPath: m_RootOrder
      value: 2
      objectReference: {fileID: 0}
    - target: {fileID: 4106105673953012, guid: 8775010392441964e99ddb12d63a5e10, type: 3}
      propertyPath: m_LocalEulerAnglesHint.x
      value: 0
      objectReference: {fileID: 0}
    - target: {fileID: 4106105673953012, guid: 8775010392441964e99ddb12d63a5e10, type: 3}
      propertyPath: m_LocalEulerAnglesHint.y
      value: -90
      objectReference: {fileID: 0}
    - target: {fileID: 4106105673953012, guid: 8775010392441964e99ddb12d63a5e10, type: 3}
      propertyPath: m_LocalEulerAnglesHint.z
      value: 0
      objectReference: {fileID: 0}
    - target: {fileID: 4106105673953012, guid: 8775010392441964e99ddb12d63a5e10, type: 3}
      propertyPath: m_LocalScale.x
      value: 0.5
      objectReference: {fileID: 0}
    - target: {fileID: 4106105673953012, guid: 8775010392441964e99ddb12d63a5e10, type: 3}
      propertyPath: m_LocalScale.y
      value: 0.5
      objectReference: {fileID: 0}
    - target: {fileID: 4106105673953012, guid: 8775010392441964e99ddb12d63a5e10, type: 3}
      propertyPath: m_LocalScale.z
      value: 0.5
      objectReference: {fileID: 0}
    - target: {fileID: 23979160736886248, guid: 8775010392441964e99ddb12d63a5e10,
        type: 3}
      propertyPath: m_CastShadows
      value: 1
      objectReference: {fileID: 0}
    - target: {fileID: 23979160736886248, guid: 8775010392441964e99ddb12d63a5e10,
        type: 3}
      propertyPath: m_Materials.Array.data[0]
      value: 
      objectReference: {fileID: 2100000, guid: 0e42871dab9b0d0408301ab01537e0e9, type: 2}
    m_RemovedComponents:
    - {fileID: 7208605232128990084, guid: 8775010392441964e99ddb12d63a5e10, type: 3}
    - {fileID: 3810604429841003757, guid: 8775010392441964e99ddb12d63a5e10, type: 3}
  m_SourcePrefab: {fileID: 100100000, guid: 8775010392441964e99ddb12d63a5e10, type: 3}
--- !u!4 &4490518493384879477 stripped
Transform:
  m_CorrespondingSourceObject: {fileID: 4106105673953012, guid: 8775010392441964e99ddb12d63a5e10,
    type: 3}
  m_PrefabInstance: {fileID: 4494329353275704193}
  m_PrefabAsset: {fileID: 0}
--- !u!1001 &4494329353666642486
PrefabInstance:
  m_ObjectHideFlags: 0
  serializedVersion: 2
  m_Modification:
    m_TransformParent: {fileID: 1769191959910476883}
    m_Modifications:
    - target: {fileID: 1897005715251538, guid: 8775010392441964e99ddb12d63a5e10, type: 3}
      propertyPath: m_Name
      value: SM_Env_Train_Track_Bridge_Top_01 (1)
      objectReference: {fileID: 0}
    - target: {fileID: 1897005715251538, guid: 8775010392441964e99ddb12d63a5e10, type: 3}
      propertyPath: m_Layer
      value: 9
      objectReference: {fileID: 0}
    - target: {fileID: 4106105673953012, guid: 8775010392441964e99ddb12d63a5e10, type: 3}
      propertyPath: m_LocalPosition.x
      value: 7.1046696
      objectReference: {fileID: 0}
    - target: {fileID: 4106105673953012, guid: 8775010392441964e99ddb12d63a5e10, type: 3}
      propertyPath: m_LocalPosition.y
      value: 1.4286397
      objectReference: {fileID: 0}
    - target: {fileID: 4106105673953012, guid: 8775010392441964e99ddb12d63a5e10, type: 3}
      propertyPath: m_LocalPosition.z
      value: -0.10794258
      objectReference: {fileID: 0}
    - target: {fileID: 4106105673953012, guid: 8775010392441964e99ddb12d63a5e10, type: 3}
      propertyPath: m_LocalRotation.x
      value: -0
      objectReference: {fileID: 0}
    - target: {fileID: 4106105673953012, guid: 8775010392441964e99ddb12d63a5e10, type: 3}
      propertyPath: m_LocalRotation.y
      value: -0.7071068
      objectReference: {fileID: 0}
    - target: {fileID: 4106105673953012, guid: 8775010392441964e99ddb12d63a5e10, type: 3}
      propertyPath: m_LocalRotation.z
      value: -0
      objectReference: {fileID: 0}
    - target: {fileID: 4106105673953012, guid: 8775010392441964e99ddb12d63a5e10, type: 3}
      propertyPath: m_LocalRotation.w
      value: 0.7071068
      objectReference: {fileID: 0}
    - target: {fileID: 4106105673953012, guid: 8775010392441964e99ddb12d63a5e10, type: 3}
      propertyPath: m_RootOrder
      value: 1
      objectReference: {fileID: 0}
    - target: {fileID: 4106105673953012, guid: 8775010392441964e99ddb12d63a5e10, type: 3}
      propertyPath: m_LocalEulerAnglesHint.x
      value: 0
      objectReference: {fileID: 0}
    - target: {fileID: 4106105673953012, guid: 8775010392441964e99ddb12d63a5e10, type: 3}
      propertyPath: m_LocalEulerAnglesHint.y
      value: -90
      objectReference: {fileID: 0}
    - target: {fileID: 4106105673953012, guid: 8775010392441964e99ddb12d63a5e10, type: 3}
      propertyPath: m_LocalEulerAnglesHint.z
      value: 0
      objectReference: {fileID: 0}
    - target: {fileID: 4106105673953012, guid: 8775010392441964e99ddb12d63a5e10, type: 3}
      propertyPath: m_LocalScale.x
      value: 0.5
      objectReference: {fileID: 0}
    - target: {fileID: 4106105673953012, guid: 8775010392441964e99ddb12d63a5e10, type: 3}
      propertyPath: m_LocalScale.y
      value: 0.5
      objectReference: {fileID: 0}
    - target: {fileID: 4106105673953012, guid: 8775010392441964e99ddb12d63a5e10, type: 3}
      propertyPath: m_LocalScale.z
      value: 0.5
      objectReference: {fileID: 0}
    - target: {fileID: 23979160736886248, guid: 8775010392441964e99ddb12d63a5e10,
        type: 3}
      propertyPath: m_CastShadows
      value: 1
      objectReference: {fileID: 0}
    - target: {fileID: 23979160736886248, guid: 8775010392441964e99ddb12d63a5e10,
        type: 3}
      propertyPath: m_Materials.Array.data[0]
      value: 
      objectReference: {fileID: 2100000, guid: 0e42871dab9b0d0408301ab01537e0e9, type: 2}
    m_RemovedComponents:
    - {fileID: 7208605232128990084, guid: 8775010392441964e99ddb12d63a5e10, type: 3}
    - {fileID: 3810604429841003757, guid: 8775010392441964e99ddb12d63a5e10, type: 3}
  m_SourcePrefab: {fileID: 100100000, guid: 8775010392441964e99ddb12d63a5e10, type: 3}
--- !u!4 &4490518492972477634 stripped
Transform:
  m_CorrespondingSourceObject: {fileID: 4106105673953012, guid: 8775010392441964e99ddb12d63a5e10,
    type: 3}
  m_PrefabInstance: {fileID: 4494329353666642486}
  m_PrefabAsset: {fileID: 0}
